<record><leader>00000cas a2200000 a 4500</leader><controlfield tag="001">11535259</controlfield><controlfield tag="008">841231d19841986azuwr ne      0   a0eng d</controlfield><datafield ind1=" " ind2=" " tag="010"><subfield code="a">sn 89011366 </subfield></datafield><datafield ind1=" " ind2=" " tag="040"><subfield code="a">AZP</subfield><subfield code="b">eng</subfield><subfield code="c">AZP</subfield><subfield code="d">NSD</subfield><subfield code="d">NST</subfield><subfield code="d">ANN</subfield><subfield code="d">OCLCQ</subfield><subfield code="d">OCLCF</subfield><subfield code="d">OCLCO</subfield></datafield><datafield ind1=" " ind2=" " tag="012"><subfield code="i">8912</subfield></datafield><datafield ind1=" " ind2=" " tag="042"><subfield code="a">msc</subfield></datafield><datafield ind1=" " ind2=" " tag="043"><subfield code="a">n-us-az</subfield></datafield><datafield ind1="0" ind2=" " tag="130"><subfield code="a">Enterprise (Phoenix, Ariz. : 1984)</subfield></datafield><datafield ind1="1" ind2="4" tag="245"><subfield code="a">The enterprise.</subfield></datafield><datafield ind1=" " ind2=" " tag="260"><subfield code="a">Phoenix, Ariz. :</subfield><subfield code="b">Enterprise,</subfield><subfield code="c">1984-1986.</subfield></datafield><datafield ind1=" " ind2=" " tag="300"><subfield code="a">v. :</subfield><subfield code="b">ill. ;</subfield><subfield code="c">38 cm.</subfield></datafield><datafield ind1=" " ind2=" " tag="310"><subfield code="a">Weekly</subfield></datafield><datafield ind1="0" ind2=" " tag="362"><subfield code="a">Vol. 14, no. 15 (Oct. 8, 1984)-v. 15, no. 35 (Feb. 24, 1986).</subfield></datafield><datafield ind1=" " ind2="0" tag="650"><subfield code="a">Business enterprises</subfield><subfield code="z">Arizona</subfield><subfield code="v">Newspapers.</subfield></datafield><datafield ind1=" " ind2="0" tag="651"><subfield code="a">Phoenix Metropolitan Area (Ariz.)</subfield><subfield code="x">Economic conditions</subfield><subfield code="v">Newspapers.</subfield></datafield><datafield ind1=" " ind2="0" tag="651"><subfield code="a">Phoenix (Ariz.)</subfield><subfield code="v">Newspapers.</subfield></datafield><datafield ind1=" " ind2="0" tag="651"><subfield code="a">Maricopa County (Ariz.)</subfield><subfield code="v">Newspapers.</subfield></datafield><datafield ind1=" " ind2="7" tag="655"><subfield code="a">Newspapers.</subfield><subfield code="2">fast</subfield><subfield code="0">(OCoLC)fst01423814</subfield></datafield><datafield ind1=" " ind2="7" tag="650"><subfield code="a">Business enterprises.</subfield><subfield code="2">fast</subfield><subfield code="0">(OCoLC)fst00842519</subfield></datafield><datafield ind1=" " ind2="7" tag="650"><subfield code="a">Economic history.</subfield><subfield code="2">fast</subfield><subfield code="0">(OCoLC)fst00901974</subfield></datafield><datafield ind1=" " ind2="7" tag="651"><subfield code="a">Arizona.</subfield><subfield code="2">fast</subfield><subfield code="0">(OCoLC)fst01204820</subfield></datafield><datafield ind1=" " ind2="7" tag="651"><subfield code="a">Arizona</subfield><subfield code="z">Maricopa County.</subfield><subfield code="2">fast</subfield><subfield code="0">(OCoLC)fst01217111</subfield></datafield><datafield ind1=" " ind2="7" tag="651"><subfield code="a">Arizona</subfield><subfield code="z">Phoenix.</subfield><subfield code="2">fast</subfield><subfield code="0">(OCoLC)fst01213753</subfield></datafield><datafield ind1=" " ind2="7" tag="651"><subfield code="a">Arizona</subfield><subfield code="z">Phoenix Metropolitan Area.</subfield><subfield code="2">fast</subfield><subfield code="0">(OCoLC)fst01342163</subfield></datafield><datafield ind1=" " ind2=" " tag="752"><subfield code="a">United States</subfield><subfield code="b">Arizona</subfield><subfield code="c">Maricopa</subfield><subfield code="d">Phoenix.</subfield></datafield><datafield ind1="0" ind2="0" tag="780"><subfield code="t">Phoenix enterprise review</subfield><subfield code="x">0747-7848</subfield><subfield code="w">(DLC)sn 84008606</subfield><subfield code="w">(OCoLC)10813825</subfield></datafield><datafield ind1="0" ind2="0" tag="785"><subfield code="t">Phoenix enterprise (Phoenix, Ariz. : 1986)</subfield><subfield code="x">0887-7483</subfield><subfield code="w">(DLC)sn 86014039</subfield><subfield code="w">(OCoLC)13390361</subfield></datafield><datafield ind1=" " ind2=" " tag="850"><subfield code="a">Az</subfield></datafield></record>